<?xml version="1.0" encoding="UTF-8"?><record xmlns="http://www.loc.gov/MARC21/slim" xmlns:cinclude="http://apache.org/cocoon/include/1.0" xmlns:zs="http://www.loc.gov/zing/srw/">
  <leader>00466cz  a2200133n  4500</leader>
  <controlfield tag="001">n  88183332 </controlfield>
  <controlfield tag="003">DLC</controlfield>
  <controlfield tag="005">19901212083152.8</controlfield>
  <controlfield tag="008">890724n| acannaab|          |n aaa |||  </controlfield>
  <datafield tag="010" ind1=" " ind2=" ">
    <subfield code="a">n  88183332 </subfield>
  </datafield>
  <datafield tag="040" ind1=" " ind2=" ">
    <subfield code="a">DLC</subfield>
    <subfield code="c">DLC</subfield>
    <subfield code="d">DLC</subfield>
  </datafield>
  <datafield tag="100" ind1="1" ind2="0">
    <subfield code="a">Rigden, Diana Wyllie</subfield>
  </datafield>
  <datafield tag="670" ind1=" " ind2=" ">
    <subfield code="a">Her Business and the schools, c1989:</subfield>
    <subfield code="b">t.p. verso (Diana Wyllie Rigden)</subfield>
  </datafield>
  <datafield tag="670" ind1=" " ind2=" ">
    <subfield code="a">Her School restructuring, c1990:</subfield>
    <subfield code="b">t.p. (Diana W. Rigden, director, precollege programs, Council for Aid to Education)</subfield>
  </datafield>
</record>